@inproceedings{2017-lazard-ratio,
  author    = {Sylvain Lazard and
               William Lenhart and
               Giuseppe Liotta},
  title     = {On the Edge-length Ratio of Outerplanar Graphs},
  booktitle = {Graph Drawing and Network Visualization},
  pages     = {17--23},
  year      = {2017},
  month     = {09},
%  crossref  = {DBLP:conf/gd/2017},
  url       = {https://doi.org/10.1007/978-3-319-73915-1_2},
  doi       = {10.1007/978-3-319-73915-1_2},
  timestamp = {Wed, 21 Feb 2018 12:53:44 +0100},
  biburl    = {https://dblp.org/rec/bib/conf/gd/LazardLL17},
  bibsource = {dblp computer science bibliography, https://dblp.org}
}

@proceedings{DBLP:conf/gd/2017,
  editor    = {Fabrizio Frati and
               Kwan{-}Liu Ma},
  title     = {Graph Drawing and Network Visualization - 25th International Symposium,
               {GD} 2017, Boston, MA, USA, September 25-27, 2017, Revised Selected
               Papers},
  series    = {Lecture Notes in Computer Science},
  volume    = {10692},
  publisher = {Springer},
  year      = {2018},
  url       = {https://doi.org/10.1007/978-3-319-73915-1},
  doi       = {10.1007/978-3-319-73915-1},
  isbn      = {978-3-319-73914-4},
  timestamp = {Wed, 21 Feb 2018 12:53:44 +0100},
  biburl    = {https://dblp.org/rec/bib/conf/gd/2017},
  bibsource = {dblp computer science bibliography, https://dblp.org}
}